%   Exemplo de referÃªncia para livros 
@book{alves2009banco,
  title={Banco de dados: teoria e desenvolvimento},
  author={Alves, William Pereira},
  year={2009},
  publisher={Saraiva Educa{\c{c}}{\~a}o SA}
}

@book{machado2004projeto,
  title={Projeto de banco de dados: uma vis{\~a}o pr{\'a}tica},
  author={Machado, Felipe Nery Rodrigues and de Abreu, Mauricio Pereira},
  year={2004},
  publisher={Saraiva Educa{\c{c}}{\~a}o SA}
}
%